@book{Bent1982,
  author = {Jon Louis Bentley},
  title = {Writing Efficient Programs},
  publisher = {Prentice-Hall},
  year = {1982},
  isbn = {978-0139702440}
}

@book{Cone2016,
  author = {Rob Conery},
  title = {The Imposter's Handbook},
  publisher = {Big Machine, Inc.},
  year = {2016},
  isbn = {978-0692933039}
}

@article{Denn2017,
  doi = {10.1145/2998438},
  url = {https://doi.org/10.1145/2998438},
  year  = {2017},
  month = {May},
  publisher = {Association for Computing Machinery ({ACM})},
  volume = {60},
  number = {6},
  pages = {33--39},
  author = {Peter J. Denning},
  title = {Remaining Trouble Spots with Computational Thinking},
  journal = {Communications of the {ACM}}
}

@article{Dobz1973,
  author = {Theodosius Dobzhansky},
  title = {Nothing in biology makes sense except in the light of evolution},
  journal = {The American Biology Teacher},
  month = {Mar},
  year = {1973}
}

@article{Fucc2017,
  author = {Davide Fucci and Hakan Erdogmus and Burak Turhan and Markku Oivo and Natalia Juristo},
  title = {A Dissection of the Test-Driven Development Process: Does It Really Matter to Test-First or to Test-Last?},
  journal = {{IEEE} Transactions on Software Engineering},
  volume = {43},
  number = {7},
  month = {Jul},
  year  = {2017},
  doi = {10.1109/tse.2016.2616877}
}

@book{Gibs1987,
  author = {William Gibson},
  title = {Burning Chrome},
  publisher = {Ace Books},
  year = {1987},
  isbn = {978-0441089345}
}

@article{Mill1956,
  author = {George A. Miller},
  title = {The Magical Number Seven, Plus or Minus Two: Some Limits on Our Capacity for Processing Information},
  journal = {Psychological Review},
  volume = {63},
  number = {2},
  pages = {81--97},
  year = {1956},
  publisher = {American Psychological Association ({APA})},
  doi = {10.1037/h0043158}
}

@article{Nath2003,
  author = {Mitchell J. Nathan and Anthony Petrosino},
  title = {Expert Blind Spot Among Preservice Teachers},
  journal = {American Educational Research Journal},
  volume = {40},
  number = {4},
  pages = {905--928},
  month = {Jan},
  year = {2003},
  doi = {10.3102/00028312040004905}
}

@article{Pea1986,
  author = {Roy D. Pea},
  title = {Language-Independent Conceptual ``Bugs'' in Novice Programming},
  journal = {Journal of Educational Computing Research},
  volume = {2},
  number = {1},
  pages = {25--36},
  year = {1986},
  month = {Feb},
  publisher = {{SAGE} Publications},
  doi = {10.2190/689t-1r2a-x4w4-29j2}
}

@misc{Udel2011,
  author = {Jon Udell},
  title = {Seven Ways to Think Like the Web},
  year = {2011},
  howpublished = {http://blog.jonudell.net/2011/01/24/seven-ways-to-think-like-the-web/}
}

@techreport{Wald1994,
  author = {Jim Waldo and Geoff Wyant and Ann Wollrath and Sam Kendall},
  title = {A Note on Distributed Computing},
  institution = {IEEE Micro},
  year = {1994}
}

@book{Whit1958,
  author = {Alfred North Whitehead},
  title = {An Introduction to Mathematics},
  publisher = {Oxford University Press},
  year = {1958},
  isbn = {978-0195002119}
}

@article{Wing2006,
  author = {Jeannette M. Wing},
  title = {Computational thinking},
  journal = {Communications of the {ACM}},
  doi = {10.1145/1118178.1118215},
  month = {March},
  year  = {2006},
  publisher = {Association for Computing Machinery ({ACM})},
  volume = {49},
  number = {3},
  note = {First use of the term "computational thinking".}
}
